@article{summit,
        title       = "SUMMIT",
        author      = "{Oak Ridge Leadership Computing Facility}",
        url         = "https://www.olcf.ornl.gov/olcf-resources/compute-systems/summit/"
}

@article{sierra,
        title       = "Sierra",
        author      = "{Lawrence Livermore National Laboratory}",
        url         = "https://hpc.llnl.gov/hardware/platforms/sierra"
}

@article{Berkowitz:2017xna,
      author         = "Berkowitz, Evan and Jansen, Gustav R. and McElvain,
                        Kenneth and Walker-Loud, André",
      title          = "{Job Management and Task Bundling}",
      booktitle      = "{Proceedings, 35th International Symposium on Lattice
                        Field Theory (Lattice 2017): Granada, Spain, June 18-24,
                        2017}",
      journal        = "EPJ Web Conf.",
      volume         = "175",
      year           = "2018",
      pages          = "09007",
      doi            = "10.1051/epjconf/201817509007",
      eprint         = "1710.01986",
      archivePrefix  = "arXiv",
      primaryClass   = "hep-lat",
      SLACcitation   = "%%CITATION = ARXIV:1710.01986;%%"
}

@article{Berkowitz:2017vcp,
    author          = "Berkowitz, Evan",
    title           = "{\texttt{METAQ}: Bundle Supercomputing Tasks}",
    year            = "2017",
    eprint          = "1702.06122",
    archivePrefix   = "arXiv",
    primaryClass    = "physics.comp-ph",
    SLACcitation    = "%%CITATION = ARXIV:1702.06122;%%",
    url             = {https://github.com/evanberkowitz/metaq},
}

@article{taxi,
      author         = "Ayyar, Venkitesh and Hackett, Daniel C. and Jay, William
                        I. and Neil, Ethan T.",
      title          = "{Automated lattice data generation}",
      booktitle      = "{Proceedings, 35th International Symposium on Lattice
                        Field Theory (Lattice 2017): Granada, Spain, June 18-24,
                        2017}",
      journal        = "EPJ Web Conf.",
      volume         = "175",
      year           = "2018",
      pages          = "09009",
      doi            = "10.1051/epjconf/201817509009",
      eprint         = "1802.00851",
      archivePrefix  = "arXiv",
      primaryClass   = "hep-lat",
      SLACcitation   = "%%CITATION = ARXIV:1802.00851;%%"
}

@misc{wraprun,
    author          = {OLCF},
    title           = {\texttt{wraprun}},
    year            = {2015},
    publisher       = {GitHub},
    journal         = {GitHub repository},
    howpublished    = {\url{https://github.com/olcf/wraprun}}
}

@misc{MPI,
  title={\texttt{MPI}: A Message-Passing Interface Standard, Version 3.1},
  year={2015},
  howpublished={\url{http://mpi-forum.org/docs/mpi-3.1/mpi31-report.pdf}},
  note={Accessed: 2017-02-14}
}

@Misc{SLURM,
author =   {SchedMD},
title =    {{\texttt{SLURM}: Simple Linux Utility for Resource Management}},
howpublished = {\url{https://slurm.schedmd.com/}},
year = {2006-2017}
}

@Misc{MOAB,
author          =   {{Adaptive Computing}},
title           =   {\texttt{MOAB}},
howpublished    =   {\url{http://www.adaptivecomputing.com/products/hpc-products/moab-hpc-basic-edition/}},
year            =   {2004}
}

@MISC{TORQUE,
author          =   {{Adaptive Computing}},
title           =   {{\texttt{TORQUE}: Terascale Open-source Resource and QUEue Manager}},
howpublished    =   {\url{http://www.adaptivecomputing.com/products/open-source/torque/}},
year            =   {2003-2017}
}

@MISC{PBS,
author          =   {{Altair Engineering}},
title           =   {{\texttt{PBS}: Portable Batch System}},
howpublished    =   {\url{https://github.com/pbspro/pbspro}},
year            =   {1991-2017}
}

@MISC{NERSC.charge,
title           =   {How Usage Is Charged},
howpublished    =   {\url{http://www.nersc.gov/users/accounts/user-accounts/how-usage-is-charged/}},
note            =   {Accessed: 2017-01-23}
}

@MISC{OLCF.charge,
title           =   {Titan Scheduling Policy},
howpublished    =   {\url{https://www.olcf.ornl.gov/kb_articles/titan-scheduling-policy/}},
note            =   {Accessed: 2017-01-23}
}

@MISC{OLCF.processes,
title           =   {{Job Execution on Titan}},
howpublished    =   {\url{https://www.olcf.ornl.gov/kb_articles/job-execution-on-titan/}},
note            =   {Accessed: 2017-07-26}
}

@MISC{LLNL.surface,
title           =   {Surface},
howpublished    =   {\url{https://hpc.llnl.gov/hardware/platforms/surface}},
note            =   {Accessed: 2017-02-13}
}

@MISC{mpijm,
    author          = {McElvain, Ken and Jansen, Gustav and Berkowitz, Evan and Walker-Loud, Andr\'{e}},
    title           = {\texttt{mpi\_jm}},
    year            = {2017},
    howpublished    = {in preparation}
}

@MISC{githubQMP,
    author={},
    title={\texttt{QMP} ({QCD} {M}essage {P}assing)},
    howpublished={\url{http://usqcd-software.github.io/qmp/}},
    year={2004}
}

@MISC{YAML,
    author          = {Ben-Kiki, Oren and Evans, Clark and d\"{o}t Net, Ingy},
    title           = {{\texttt{YAML} Ain't Markup Language (YAML™) Version 1.2}},
    year            = {2001-2009},
    howpublished    = {\url{http://www.yaml.org/spec/1.2/spec.html}}
}

@MISC{BigPanDA,
    author          = {{PanDA team}},
    title           = {{The BigPanDA Project}},
    year            = {2015},
    howpublished    = {\url{http://news.pandawms.org/bigpanda.html}},
    note            = {Accessed: 2017-07-26}
}

@article{merzky2015radical,
    title           = {\texttt{RADICAL-Pilot}: Scalable execution of heterogeneous and dynamic workloads on supercomputers},
    author          = {Merzky, Andre and Santcroos, Mark and Turilli, Matteo and Jha, Shantenu},
    journal         = {CoRR},
    eprint          = "1512.08194",
    year            = {2015}
}

@article{turilli2015comprehensive,
    title           = {A comprehensive perspective on pilot-job systems},
    author          = {Turilli, Matteo and Santcroos, Mark and Jha, Shantenu},
    eprint          = {1508.04180},
    year            = {2015}
}

@article{Clark:2009wm,
      author         = "Clark, M. A. and Babich, R. and Barros, K. and Brower, R.
                        C. and Rebbi, C.",
      title          = "{Solving Lattice QCD systems of equations using mixed
                        precision solvers on GPUs}",
      journal        = "Comput. Phys. Commun.",
      volume         = "181",
      year           = "2010",
      pages          = "1517-1528",
      doi            = "10.1016/j.cpc.2010.05.002",
      eprint         = "0911.3191",
      archivePrefix  = "arXiv",
      primaryClass   = "hep-lat",
      SLACcitation   = "%%CITATION = ARXIV:0911.3191;%%"
}

@inproceedings{Babich:2011np,
      author         = "Babich, R. and Clark, M. A. and Joo, B. and Shi, G. and
                        Brower, R. C. and Gottlieb, S.",
      title          = "{Scaling Lattice QCD beyond 100 GPUs}",
      booktitle      = "{SC11 International Conference for High Performance
                        Computing, Networking, Storage and Analysis Seattle,
                        Washington, November 12-18, 2011}",
      url            = "http://inspirehep.net/record/927455/files/arXiv:1109.2935.pdf",
      year           = "2011",
      eprint         = "1109.2935",
      archivePrefix  = "arXiv",
      primaryClass   = "hep-lat",
      SLACcitation   = "%%CITATION = ARXIV:1109.2935;%%"
}


##### SCIENCE!
@article{Nicholson:2016byl,
      author         = "Nicholson, Amy and Berkowitz, Evan and Chang, Chia Cheng
                        and Clark, M. A. and Joo, Balint and Kurth, Thorsten and
                        Rinaldi, Enrico and Tiburzi, Brian and Vranas, Pavlos and
                        Walker-Loud, Andre",
      title          = "{Neutrinoless double beta decay from lattice QCD}",
      booktitle      = "{Proceedings, 34th International Symposium on Lattice
                        Field Theory (Lattice 2016): Southampton, UK, July 24-30,
                        2016}",
      journal        = "PoS",
      volume         = "LATTICE2016",
      year           = "2016",
      pages          = "017",
      eprint         = "1608.04793",
      archivePrefix  = "arXiv",
      primaryClass   = "hep-lat",
      reportNumber   = "LLNL-PROC-700398",
      SLACcitation   = "%%CITATION = ARXIV:1608.04793;%%"
}
@article{Berkowitz:2017opd,
      author         = "Berkowitz, E. and Bouchard, C. and Chang, C.C and Clark, M.A. and Joo, B and Kurth, T. and Monahan, C. and Nicholson, A. and Orginos, K. and Rinaldi, E. and Vranas, P. and Walker-Loud, A.",
      title          = "{M\"obius Domain-Wall fermions on gradient-flowed dynamical HISQ ensembles}",
      journal        = "Phys. Rev.",
      volume         = "D96",
      year           = "2017",
      number         = "5",
      pages          = "054513",
      doi            = "10.1103/PhysRevD.96.054513",
      eprint         = "1701.07559",
      archivePrefix  = "arXiv",
      primaryClass   = "hep-lat",
      reportNumber   = "LLNL-JRNL-719521, RBRC-1227",
      SLACcitation   = "%%CITATION = ARXIV:1701.07559;%%"
}
@inproceedings{Chang:2017oll,
      author         = "Chang, C.C and Nicholson, A. and Rinaldi, E. and Berkowitz, E. and Garron, N. and Brantley, D.~B. and Monge-Camacho, H. and Monahan, C. and Bouchard, C. and Clark, M.A. and Jo\'{o}, B and Kurth, T. and Orginos, K. and Vranas, P. and Walker-Loud, A.",
      title          = "{Nucleon axial coupling from Lattice QCD}",
      booktitle      = "{35th International Symposium on Lattice Field Theory
                        (Lattice 2017) Granada, Spain, June 18-24, 2017}",
      url            = "http://inspirehep.net/record/1631340/files/arXiv:1710.06523.pdf",
      year           = "2017",
      eprint         = "1710.06523",
      archivePrefix  = "arXiv",
      primaryClass   = "hep-lat",
      SLACcitation   = "%%CITATION = ARXIV:1710.06523;%%"
}
@article{Berkowitz:2017gql,
      author         = "Berkowitz, E. and Bouchard, C. and Brantley, D.~B. and Chang, C.C and Clark, M.A. and Garron, N. and Jo\'{o}, B and Kurth, T. and Monahan, C. and Monge-Camacho, H. and Nicholson, A. and Orginos, K. and Rinaldi, E. and Vranas, P. and Walker-Loud, A.",
      title          = "{An accurate calculation of the nucleon axial charge with
                        lattice QCD}",
      year           = "2017",
      eprint         = "1704.01114",
      archivePrefix  = "arXiv",
      primaryClass   = "hep-lat",
      reportNumber   = "JLAB-THY-17-2485",
      SLACcitation   = "%%CITATION = ARXIV:1704.01114;%%"
}
@article{Chang:2018gA,
      author         = "Chang, C.C and Nicholson, A. and Rinaldi, E. and Berkowitz, E. and Garron, N. and Brantley, D.~B. and Monge-Camacho, H. and Monahan, C. and Bouchard, C. and Clark, M.A. and Jo\'{o}, B and Kurth, T. and Orginos, K. and Vranas, P. and Walker-Loud, A.",
      title          = "{A percent-level determination of the nucleon axial coupling from Quantum Chromodynamics}",
      year           = "2018",
      note    = "{Accepted for publication.}"
}
